@Article{deCarlos:1996du,
     author    = "de Carlos, B. and White, P. L.",
     title     = "{R-parity Violation Effects through Soft Supersymmetry
                  Breaking Terms and the Renormalisation Group}",
     journal   = "Phys. Rev.",
     volume    = "D54",
     year      = "1996",
     pages     = "3427-3446",
     eprint    = "hep-ph/9602381",
     archivePrefix = "arXiv",
     doi       = "10.1103/PhysRevD.54.3427",
     SLACcitation  = "%%CITATION = HEP-PH/9602381;%%"
}
@Article{Adriani:2008zr,
     author    = "Adriani, Oscar and others",
 collaboration = "PAMELA",
     title     = "{An anomalous positron abundance in cosmic rays with
                  energies 1.5.100 GeV}",
     journal   = "Nature",
     volume    = "458",
     year      = "2009",
     pages     = "607-609",
     eprint    = "0810.4995",
     archivePrefix = "arXiv",
     primaryClass  =  "astro-ph",
     doi       = "10.1038/nature07942",
     SLACcitation  = "%%CITATION = 0810.4995;%%"
}
@Article{:2008zzr,
     author    = "Chang, J. and others",
 collaboration = "ATIC",
     title     = "{An excess of cosmic ray electrons at energies of 300.800
                  GeV}",
     journal   = "Nature",
     volume    = "456",
     year      = "2008",
     pages     = "362-365",
     doi       = "10.1038/nature07477",
     SLACcitation  = "%%CITATION = NATUA,456,362;%%"
}
@Article{Abdo:2009zk,
     author    = "Abdo, Aous A. and others",
 collaboration = "The Fermi LAT",
     title     = "{Measurement of the Cosmic Ray e+ plus e- spectrum from 20
                  GeV to 1 TeV with the Fermi Large Area Telescope}",
     journal   = "Phys. Rev. Lett.",
     volume    = "102",
     year      = "2009",
     pages     = "181101",
     eprint    = "0905.0025",
     archivePrefix = "arXiv",
     primaryClass  =  "astro-ph.HE",
     doi       = "10.1103/PhysRevLett.102.181101",
     SLACcitation  = "%%CITATION = 0905.0025;%%"
}
@Article{Bergstrom:2009fa,
     author    = "Bergstrom, Lars and Edsjo, Joakim and Zaharijas, Gabrijela
                  ",
     title     = "{Dark matter interpretation of recent electron and positron
                  data}",
     journal   = "Phys. Rev. Lett.",
     volume    = "103",
     year      = "2009",
     pages     = "031103",
     eprint    = "0905.0333",
     archivePrefix = "arXiv",
     primaryClass  =  "astro-ph.HE",
     doi       = "10.1103/PhysRevLett.103.031103",
     SLACcitation  = "%%CITATION = 0905.0333;%%"
}
@Article{Balazs:2009wm,
     author    = "Balazs, C. and Sahu, N. and Mazumdar, A.",
     title     = "{Absolute electron and positron fluxes from PAMELA/Fermi
                  and Dark Matter}",
     journal   = "JCAP",
     volume    = "0907",
     year      = "2009",
     pages     = "039",
     eprint    = "0905.4302",
     archivePrefix = "arXiv",
     primaryClass  =  "hep-ph",
     doi       = "10.1088/1475-7516/2009/07/039",
     SLACcitation  = "%%CITATION = 0905.4302;%%"
}
@Article{Ibarra:2009dr,
     author    = "Ibarra, Alejandro and Tran, David and Weniger, Christoph",
     title     = "{Decaying Dark Matter in Light of the PAMELA and Fermi LAT
                  Data}",
     year      = "2009",
     eprint    = "0906.1571",
     archivePrefix = "arXiv",
     primaryClass  =  "hep-ph",
     SLACcitation  = "%%CITATION = 0906.1571;%%"
}
@Article{Collaboration:2008aaa,
     author    = "Aharonian, F. and others",
 collaboration = "H.E.S.S.",
     title     = "{The energy spectrum of cosmic-ray electrons at TeV
                  energies}",
     journal   = "Phys. Rev. Lett.",
     volume    = "101",
     year      = "2008",
     pages     = "261104",
     eprint    = "0811.3894",
     archivePrefix = "arXiv",
     primaryClass  =  "astro-ph",
     doi       = "10.1103/PhysRevLett.101.261104",
     SLACcitation  = "%%CITATION = 0811.3894;%%"
}
@Article{Barwick:1997ig,
     author    = "Barwick, S. W. and others",
 collaboration = "HEAT",
     title     = "{Measurements of the cosmic-ray positron fraction from 1-
                  GeV to 50-GeV}",
     journal   = "Astrophys. J.",
     volume    = "482",
     year      = "1997",
     pages     = "L191-L194",
     eprint    = "astro-ph/9703192",
     archivePrefix = "arXiv",
     SLACcitation  = "%%CITATION = ASTRO-PH/9703192;%%"
}
@Article{Torii:2008xu,
     author    = "Torii, S. and others",
 collaboration = "PPB-BETS",
     title     = "{High-energy electron observations by PPB-BETS flight in
                  Antarctica}",
     year      = "2008",
     eprint    = "0809.0760",
     archivePrefix = "arXiv",
     primaryClass  =  "astro-ph",
     SLACcitation  = "%%CITATION = 0809.0760;%%"
}
@Article{Profumo:2008ms,
     author    = "Profumo, Stefano",
     title     = "{Dissecting Pamela (and ATIC) with Occam's Razor: existing,
                  well-known Pulsars naturally account for the 'anomalous'
                  Cosmic-Ray Electron and Positron Data}",
     year      = "2008",
     eprint    = "0812.4457",
     archivePrefix = "arXiv",
     primaryClass  =  "astro-ph",
     SLACcitation  = "%%CITATION = 0812.4457;%%"
}
@Article{Hooper:2008kg,
     author    = "Hooper, Dan and Blasi, Pasquale and Serpico, Pasquale Dario
                  ",
     title     = "{Pulsars as the Sources of High Energy Cosmic Ray
                  Positrons}",
     journal   = "JCAP",
     volume    = "0901",
     year      = "2009",
     pages     = "025",
     eprint    = "0810.1527",
     archivePrefix = "arXiv",
     primaryClass  =  "astro-ph",
     doi       = "10.1088/1475-7516/2009/01/025",
     SLACcitation  = "%%CITATION = 0810.1527;%%"
}
@Article{Yuksel:2008rf,
     author    = "Yuksel, Hasan and Kistler, Matthew D. and Stanev, Todor",
     title     = "{TeV Gamma Rays from Geminga and the Origin of the GeV
                  Positron Excess}",
     journal   = "Phys. Rev. Lett.",
     volume    = "103",
     year      = "2009",
     pages     = "051101",
     eprint    = "0810.2784",
     archivePrefix = "arXiv",
     primaryClass  =  "astro-ph",
     doi       = "10.1103/PhysRevLett.103.051101",
     SLACcitation  = "%%CITATION = 0810.2784;%%"
}
@Article{Cirelli:2008pk,
     author    = "Cirelli, Marco and Kadastik, Mario and Raidal, Martti and
                  Strumia, Alessandro",
     title     = "{Model-independent implications of the e+, e-, anti-proton
                  cosmic ray spectra on properties of Dark Matter}",
     journal   = "Nucl. Phys.",
     volume    = "B813",
     year      = "2009",
     pages     = "1-21",
     eprint    = "0809.2409",
     archivePrefix = "arXiv",
     primaryClass  =  "hep-ph",
     doi       = "10.1016/j.nuclphysb.2008.11.031",
     SLACcitation  = "%%CITATION = 0809.2409;%%"
}
@Article{Serpico:2008te,
     author    = "Serpico, Pasquale Dario",
     title     = "{On the possible causes of a rise with energy of the cosmic
                  ray positron fraction}",
     journal   = "Phys. Rev.",
     volume    = "D79",
     year      = "2009",
     pages     = "021302",
     eprint    = "0810.4846",
     archivePrefix = "arXiv",
     primaryClass  =  "hep-ph",
     doi       = "10.1103/PhysRevD.79.021302",
     SLACcitation  = "%%CITATION = 0810.4846;%%"
}
@Article{Cao:2009yy,
     author    = "Cao, Qing-Hong and Ma, Ernest and Shaughnessy, Gabe",
     title     = "{Dark Matter: The Leptonic Connection}",
     journal   = "Phys. Lett.",
     volume    = "B673",
     year      = "2009",
     pages     = "152-155",
     eprint    = "0901.1334",
     archivePrefix = "arXiv",
     primaryClass  =  "hep-ph",
     doi       = "10.1016/j.physletb.2009.02.015",
     SLACcitation  = "%%CITATION = 0901.1334;%%"
}
@Article{Kane:2009if,
     author    = "Kane, Gordon and Lu, Ran and Watson, Scott",
     title     = "{PAMELA Satellite Data as a Signal of Non-Thermal Wino LSP
                  Dark Matter}",
     year      = "2009",
     eprint    = "0906.4765",
     archivePrefix = "arXiv",
     primaryClass  =  "astro-ph.HE",
     SLACcitation  = "%%CITATION = 0906.4765;%%"
}
@Article{Cheung:2009si,
     author    = "Cheung, Kingman and Tseng, Po-Yan and Yuan, Tzu-Chiang",
     title     = "{Double-action dark matter, PAMELA and ATIC}",
     journal   = "Phys. Lett.",
     volume    = "B678",
     year      = "2009",
     pages     = "293-300",
     eprint    = "0902.4035",
     archivePrefix = "arXiv",
     primaryClass  =  "hep-ph",
     doi       = "10.1016/j.physletb.2009.06.028",
     SLACcitation  = "%%CITATION = 0902.4035;%%"
}
@Article{Chen:2008yi,
     author    = "Chen, Chuan-Ren and Takahashi, Fuminobu and Yanagida, T. T.
                  ",
     title     = "{Gamma rays and positrons from a decaying hidden gauge
                  boson}",
     journal   = "Phys. Lett.",
     volume    = "B671",
     year      = "2009",
     pages     = "71-76",
     eprint    = "0809.0792",
     archivePrefix = "arXiv",
     primaryClass  =  "hep-ph",
     doi       = "10.1016/j.physletb.2008.11.048",
     SLACcitation  = "%%CITATION = 0809.0792;%%"
}
@Article{Chen:2008dh,
     author    = "Chen, Chuan-Ren and Takahashi, Fuminobu",
     title     = "{Cosmic rays from Leptonic Dark Matter}",
     journal   = "JCAP",
     volume    = "0902",
     year      = "2009",
     pages     = "004",
     eprint    = "0810.4110",
     archivePrefix = "arXiv",
     primaryClass  =  "hep-ph",
     doi       = "10.1088/1475-7516/2009/02/004",
     SLACcitation  = "%%CITATION = 0810.4110;%%"
}
@Article{Chen:2008md,
     author    = "Chen, Chuan-Ren and Takahashi, Fuminobu and Yanagida, T. T.
                  ",
     title     = "{High-energy Cosmic-Ray Positrons from Hidden-Gauge-Boson
                  Dark Matter}",
     journal   = "Phys. Lett.",
     volume    = "B673",
     year      = "2009",
     pages     = "255-259",
     eprint    = "0811.0477",
     archivePrefix = "arXiv",
     primaryClass  =  "hep-ph",
     doi       = "10.1016/j.physletb.2009.02.046",
     SLACcitation  = "%%CITATION = 0811.0477;%%"
}
@Article{Ibarra:2008jk,
     author    = "Ibarra, Alejandro and Tran, David",
     title     = "{Decaying Dark Matter and the PAMELA Anomaly}",
     journal   = "JCAP",
     volume    = "0902",
     year      = "2009",
     pages     = "021",
     eprint    = "0811.1555",
     archivePrefix = "arXiv",
     primaryClass  =  "hep-ph",
     doi       = "10.1088/1475-7516/2009/02/021",
     SLACcitation  = "%%CITATION = 0811.1555;%%"
}
@Article{Hamaguchi:2008ta,
     author    = "Hamaguchi, Koichi and Shirai, Satoshi and Yanagida, T. T.",
     title     = "{Cosmic Ray Positron and Electron Excess from Hidden-
                  Fermion Dark Matter Decays}",
     journal   = "Phys. Lett.",
     volume    = "B673",
     year      = "2009",
     pages     = "247-250",
     eprint    = "0812.2374",
     archivePrefix = "arXiv",
     primaryClass  =  "hep-ph",
     doi       = "10.1016/j.physletb.2009.02.032",
     SLACcitation  = "%%CITATION = 0812.2374;%%"
}
@Article{Chen:2009mf,
     author    = "Chen, Chuan-Hung and Geng, Chao-Qiang and Zhuridov, Dmitry
                  V.",
     title     = "{ATIC/PAMELA anomaly from fermionic decaying Dark Matter}",
     journal   = "Phys. Lett.",
     volume    = "B675",
     year      = "2009",
     pages     = "77-79",
     eprint    = "0901.2681",
     archivePrefix = "arXiv",
     primaryClass  =  "hep-ph",
     doi       = "10.1016/j.physletb.2009.03.067",
     SLACcitation  = "%%CITATION = 0901.2681;%%"
}
@Article{Arvanitaki:2009yb,
     author    = "Arvanitaki, Asimina and others",
     title     = "{Decaying Dark Matter as a Probe of Unification and TeV
                  Spectroscopy}",
     journal   = "Phys. Rev.",
     volume    = "D80",
     year      = "2009",
     pages     = "055011",
     eprint    = "0904.2789",
     archivePrefix = "arXiv",
     primaryClass  =  "hep-ph",
     doi       = "10.1103/PhysRevD.80.055011",
     SLACcitation  = "%%CITATION = 0904.2789;%%"
}
@Article{Yin:2008bs,
     author    = "Yin, Peng-fei and others",
     title     = "{PAMELA data and leptonically decaying dark matter}",
     journal   = "Phys. Rev.",
     volume    = "D79",
     year      = "2009",
     pages     = "023512",
     eprint    = "0811.0176",
     archivePrefix = "arXiv",
     primaryClass  =  "hep-ph",
     doi       = "10.1103/PhysRevD.79.023512",
     SLACcitation  = "%%CITATION = 0811.0176;%%"
}
@Article{Gogoladze:2009kv,
     author    = "Gogoladze, Ilia and Khalid, Rizwan and Shafi, Qaisar and
                  Yuksel, Hasan",
     title     = "{CMSSM Spectroscopy in light of PAMELA and ATIC}",
     journal   = "Phys. Rev.",
     volume    = "D79",
     year      = "2009",
     pages     = "055019",
     eprint    = "0901.0923",
     archivePrefix = "arXiv",
     primaryClass  =  "hep-ph",
     SLACcitation  = "%%CITATION = 0901.0923;%%"
}
@Article{Ishiwata:2009vx,
     author    = "Ishiwata, Koji and Matsumoto, Shigeki and Moroi, Takeo",
     title     = "{High Energy Cosmic Rays from Decaying Supersymmetric Dark
                  Matter}",
     journal   = "JHEP",
     volume    = "05",
     year      = "2009",
     pages     = "110",
     eprint    = "0903.0242",
     archivePrefix = "arXiv",
     primaryClass  =  "hep-ph",
     doi       = "10.1088/1126-6708/2009/05/110",
     SLACcitation  = "%%CITATION = 0903.0242;%%"
}
@Article{Chen:2009mj,
     author    = "Chen, Chuan-Hung and Geng, Chao-Qiang and Zhuridov, Dmitry
                  V.",
     title     = "{Resolving Fermi, PAMELA and ATIC anomalies in split
                  supersymmetry without R-parity}",
     year      = "2009",
     eprint    = "0905.0652",
     archivePrefix = "arXiv",
     primaryClass  =  "hep-ph",
     SLACcitation  = "%%CITATION = 0905.0652;%%"
}
@Article{Shirai:2009fq,
     author    = "Shirai, Satoshi and Takahashi, Fuminobu and Yanagida, T. T.
                  ",
     title     = "{R-violating Decay of Wino Dark Matter and
                  electron/positron Excesses in the PAMELA/Fermi
                  Experiments}",
     journal   = "Phys. Lett.",
     volume    = "B680",
     year      = "2009",
     pages     = "485-488",
     eprint    = "0905.0388",
     archivePrefix = "arXiv",
     primaryClass  =  "hep-ph",
     doi       = "10.1016/j.physletb.2009.09.049",
     SLACcitation  = "%%CITATION = 0905.0388;%%"
}
@Article{Fukuoka:2009cu,
     author    = "Fukuoka, Hiroki and Kubo, Jisuke and Suematsu, Daijiro",
     title     = "{Anomaly Induced Dark Matter Decay and PAMELA/ATIC
                  Experiments}",
     journal   = "Phys. Lett.",
     volume    = "B678",
     year      = "2009",
     pages     = "401-406",
     eprint    = "0905.2847",
     archivePrefix = "arXiv",
     primaryClass  =  "hep-ph",
     doi       = "10.1016/j.physletb.2009.06.048",
     SLACcitation  = "%%CITATION = 0905.2847;%%"
}
@Article{Barbieri:1988mw,
     author    = "Barbieri, Riccardo and Berezinsky, V.",
     title     = "{DECAYING NEUTRALINOS AS DARK MATTER CANDIDATES}",
     journal   = "Phys. Lett.",
     volume    = "B205",
     year      = "1988",
     pages     = "559-563",
     doi       = "10.1016/0370-2693(88)90998-7",
     SLACcitation  = "%%CITATION = PHLTA,B205,559;%%"
}
@Article{Berezinsky:1991sp,
     author    = "Berezinsky, V. and Masiero, A. and Valle, J. W. F.",
     title     = "{Cosmological signatures of supersymmetry with
                  spontaneously broken R-parity}",
     journal   = "Phys. Lett.",
     volume    = "B266",
     year      = "1991",
     pages     = "382-388",
     doi       = "10.1016/0370-2693(91)91055-Z",
     SLACcitation  = "%%CITATION = PHLTA,B266,382;%%"
}
@Article{Diwan:1996gw,
     author    = "Diwan, Milind V.",
     title     = "{Decays of long lived lightest supersymmetric particles in
                  the galactic  halo}",
     year      = "1996",
     eprint    = "astro-ph/9609081",
     archivePrefix = "arXiv",
     SLACcitation  = "%%CITATION = ASTRO-PH/9609081;%%"
}
@Article{Berezinsky:1996pb,
     author    = "Berezinsky, V. and Joshipura, Anjan S. and Valle, J. W. F.
                  ",
     title     = "{Gravitational violation of R parity and its cosmological
                  signatures}",
     journal   = "Phys. Rev.",
     volume    = "D57",
     year      = "1998",
     pages     = "147-151",
     eprint    = "hep-ph/9608307",
     archivePrefix = "arXiv",
     doi       = "10.1103/PhysRevD.57.147",
     SLACcitation  = "%%CITATION = HEP-PH/9608307;%%"
}
@Article{Baltz:1997ar,
     author    = "Baltz, Edward A. and Gondolo, Paolo",
     title     = "{Limits on R-parity violation from cosmic ray
                  antiprotons}",
     journal   = "Phys. Rev.",
     volume    = "D57",
     year      = "1998",
     pages     = "7601-7606",
     eprint    = "hep-ph/9704411",
     archivePrefix = "arXiv",
     doi       = "10.1103/PhysRevD.57.7601",
     SLACcitation  = "%%CITATION = HEP-PH/9704411;%%"
}
@Article{Gupta:2004dz,
     author    = "Gupta, Sudhir Kumar and Konar, Partha and Mukhopadhyaya,
                  Biswarup",
     title     = "{R-parity violation in split supersymmetry and neutralino
                  dark matter:  To be or not to be}",
     journal   = "Phys. Lett.",
     volume    = "B606",
     year      = "2005",
     pages     = "384-390",
     eprint    = "hep-ph/0408296",
     archivePrefix = "arXiv",
     doi       = "10.1016/j.physletb.2004.12.014",
     SLACcitation  = "%%CITATION = HEP-PH/0408296;%%"
}
@Article{Huber:2005iz,
     author    = "Huber, Stephan J.",
     title     = "{Baryogenesis with superheavy squarks}",
     journal   = "JCAP",
     volume    = "0602",
     year      = "2006",
     pages     = "008",
     eprint    = "hep-ph/0508208",
     archivePrefix = "arXiv",
     SLACcitation  = "%%CITATION = HEP-PH/0508208;%%"
}
@Article{Froggatt:1978nt,
     author    = "Froggatt, C. D. and Nielsen, Holger Bech",
     title     = "{Hierarchy of Quark Masses, Cabibbo Angles and CP
                  Violation}",
     journal   = "Nucl. Phys.",
     volume    = "B147",
     year      = "1979",
     pages     = "277",
     doi       = "10.1016/0550-3213(79)90316-X",
     SLACcitation  = "%%CITATION = NUPHA,B147,277;%%"
}
@Article{Dreiner:2003hw,
     author    = "Dreiner, Herbi K. and Thormeier, Marc",
     title     = "{Supersymmetric Froggatt-Nielsen models with baryon- and
                  lepton-number  violation}",
     journal   = "Phys. Rev.",
     volume    = "D69",
     year      = "2004",
     pages     = "053002",
     eprint    = "hep-ph/0305270",
     archivePrefix = "arXiv",
     doi       = "10.1103/PhysRevD.69.053002",
     SLACcitation  = "%%CITATION = HEP-PH/0305270;%%"
}
@Article{Giudice:1988yz,
     author    = "Giudice, G. F. and Masiero, A.",
     title     = "{A Natural Solution to the mu Problem in Supergravity
                  Theories}",
     journal   = "Phys. Lett.",
     volume    = "B206",
     year      = "1988",
     pages     = "480-484",
     doi       = "10.1016/0370-2693(88)91613-9",
     SLACcitation  = "%%CITATION = PHLTA,B206,480;%%"
}
@Article{Leurer:1992wg,
     author    = "Leurer, Miriam and Nir, Yosef and Seiberg, Nathan",
     title     = "{Mass matrix models}",
     journal   = "Nucl. Phys.",
     volume    = "B398",
     year      = "1993",
     pages     = "319-342",
     eprint    = "hep-ph/9212278",
     archivePrefix = "arXiv",
     doi       = "10.1016/0550-3213(93)90112-3",
     SLACcitation  = "%%CITATION = HEP-PH/9212278;%%"
}
@Article{Binetruy:1996xk,
     author    = "Binetruy, Pierre and Lavignac, Stephane and Ramond, Pierre
                  ",
     title     = "{Yukawa textures with an anomalous horizontal Abelian
                  symmetry}",
     journal   = "Nucl. Phys.",
     volume    = "B477",
     year      = "1996",
     pages     = "353-377",
     eprint    = "hep-ph/9601243",
     archivePrefix = "arXiv",
     doi       = "10.1016/0550-3213(96)00296-9",
     SLACcitation  = "%%CITATION = HEP-PH/9601243;%%"
}
@Article{Font:1988mm,
     author    = "Font, A. and Ibanez, Luis E. and Nilles, Hans Peter and
                  Quevedo, F.",
     title     = "{Yukawa Couplings in Degenerate Orbifolds: Towards a
                  Realistic SU(3) x SU(2) x U(1) Superstring}",
     journal   = "Phys. Lett.",
     volume    = "210B",
     year      = "1988",
     pages     = "101",
     SLACcitation  = "%%CITATION = PHLTA,210B,101;%%"
}
@Article{Casas:1987us,
     author    = "Casas, J. A. and Katehou, E. K. and Munoz, C.",
     title     = "{U(1) Charges in Orbifolds: Anomaly Cancellation and
                  Phenomenological Consequences}",
     journal   = "Nucl. Phys.",
     volume    = "B317",
     year      = "1989",
     pages     = "171",
     doi       = "10.1016/0550-3213(89)90566-X",
     SLACcitation  = "%%CITATION = NUPHA,B317,171;%%"
}
@Article{Choi:1998wc,
     author    = "Choi, Kiwoon and Hwang, Kyuwan and Chun, Eung Jin",
     title     = "{Atmospheric and solar neutrino masses from horizontal U(1)
                  symmetry}",
     journal   = "Phys. Rev.",
     volume    = "D60",
     year      = "1999",
     pages     = "031301",
     eprint    = "hep-ph/9811363",
     archivePrefix = "arXiv",
     doi       = "10.1103/PhysRevD.60.031301",
     SLACcitation  = "%%CITATION = HEP-PH/9811363;%%"
}
@Article{Mira:2000gg,
     author    = "Mira, J. M. and Nardi, E. and Restrepo, D. A. and Valle, J.
                  W. F.",
     title     = "{Bilinear R-parity violation and small neutrino masses:  A
                  self-consistent framework}",
     journal   = "Phys. Lett.",
     volume    = "B492",
     year      = "2000",
     pages     = "81-90",
     eprint    = "hep-ph/0007266",
     archivePrefix = "arXiv",
     doi       = "10.1016/S0370-2693(00)01067-4",
     SLACcitation  = "%%CITATION = HEP-PH/0007266;%%"
}
@Article{Dreiner:2003yr,
     author    = "Dreiner, Herbi K. and Murayama, Hitoshi and Thormeier, Marc
                  ",
     title     = "{Anomalous flavor U(1)X for everything}",
     journal   = "Nucl. Phys.",
     volume    = "B729",
     year      = "2005",
     pages     = "278-316",
     eprint    = "hep-ph/0312012",
     archivePrefix = "arXiv",
     doi       = "10.1016/j.nuclphysb.2005.08.047",
     SLACcitation  = "%%CITATION = HEP-PH/0312012;%%"
}
@Article{Dreiner:2006xw,
     author    = "Dreiner, Herbi K. and Luhn, Christoph and Murayama, Hitoshi
                  and Thormeier, Marc",
     title     = "{Baryon Triality and Neutrino Masses from an Anomalous
                  Flavor U(1)}",
     journal   = "Nucl. Phys.",
     volume    = "B774",
     year      = "2007",
     pages     = "127-167",
     eprint    = "hep-ph/0610026",
     archivePrefix = "arXiv",
     doi       = "10.1016/j.nuclphysb.2007.03.028",
     SLACcitation  = "%%CITATION = HEP-PH/0610026;%%"
}
@Article{Dreiner:2007vp,
     author    = "Dreiner, Herbi K. and Luhn, Christoph and Murayama, Hitoshi
                  and Thormeier, Marc",
     title     = "{Proton Hexality from an Anomalous Flavor U(1) and Neutrino
                  Masses - Linking to the String Scale}",
     journal   = "Nucl. Phys.",
     volume    = "B795",
     year      = "2008",
     pages     = "172-200",
     eprint    = "0708.0989",
     archivePrefix = "arXiv",
     primaryClass  =  "hep-ph",
     doi       = "10.1016/j.nuclphysb.2007.11.014",
     SLACcitation  = "%%CITATION = 0708.0989;%%"
}
@Article{Joshipura:2000sn,
     author    = "Joshipura, Anjan S. and Vaidya, Rishikesh D. and Vempati,
                  Sudhir K.",
     title     = "{U(1) symmetry and R parity violation}",
     journal   = "Phys. Rev.",
     volume    = "D62",
     year      = "2000",
     pages     = "093020",
     eprint    = "hep-ph/0006138",
     archivePrefix = "arXiv",
     doi       = "10.1103/PhysRevD.62.093020",
     SLACcitation  = "%%CITATION = HEP-PH/0006138;%%"
}
@Article{Green:1984sg,
     author    = "Green, Michael B. and Schwarz, John H.",
     title     = "{Anomaly Cancellation in Supersymmetric D=10 Gauge Theory
                  and Superstring Theory}",
     journal   = "Phys. Lett.",
     volume    = "B149",
     year      = "1984",
     pages     = "117-122",
     doi       = "10.1016/0370-2693(84)91565-X",
     SLACcitation  = "%%CITATION = PHLTA,B149,117;%%"
}
@Article{Dudas:1995yu,
     author    = "Dudas, E. and Pokorski, S. and Savoy, Carlos A.",
     title     = "{Yukawa matrices from a spontaneously broken Abelian
                  symmetry}",
     journal   = "Phys. Lett.",
     volume    = "B356",
     year      = "1995",
     pages     = "45-55",
     eprint    = "hep-ph/9504292",
     archivePrefix = "arXiv",
     doi       = "10.1016/0370-2693(95)00795-M",
     SLACcitation  = "%%CITATION = HEP-PH/9504292;%%"
}
@Article{Irges:1998ax,
     author    = "Irges, Nikolaos and Lavignac, Stephane and Ramond, Pierre",
     title     = "{Predictions from an anomalous U(1) model of Yukawa
                  hierarchies}",
     journal   = "Phys. Rev.",
     volume    = "D58",
     year      = "1998",
     pages     = "035003",
     eprint    = "hep-ph/9802334",
     archivePrefix = "arXiv",
     doi       = "10.1103/PhysRevD.58.035003",
     SLACcitation  = "%%CITATION = HEP-PH/9802334;%%"
}
@Article{Ibanez:1992fy,
     author    = "Ibanez, Luis E.",
     title     = "{Computing the weak mixing angle from anomaly
                  cancellation}",
     journal   = "Phys. Lett.",
     volume    = "B303",
     year      = "1993",
     pages     = "55-62",
     eprint    = "hep-ph/9205234",
     archivePrefix = "arXiv",
     doi       = "10.1016/0370-2693(93)90043-H",
     SLACcitation  = "%%CITATION = HEP-PH/9205234;%%"
}
@Article{Ibanez:1994ig,
     author    = "Ibanez, Luis E. and Ross, Graham G.",
     title     = "{Fermion masses and mixing angles from gauge symmetries}",
     journal   = "Phys. Lett.",
     volume    = "B332",
     year      = "1994",
     pages     = "100-110",
     eprint    = "hep-ph/9403338",
     archivePrefix = "arXiv",
     doi       = "10.1016/0370-2693(94)90865-6",
     SLACcitation  = "%%CITATION = HEP-PH/9403338;%%"
}
@Article{Binetruy:1994ru,
     author    = "Binetruy, Pierre and Ramond, Pierre",
     title     = "{Yukawa textures and anomalies}",
     journal   = "Phys. Lett.",
     volume    = "B350",
     year      = "1995",
     pages     = "49-57",
     eprint    = "hep-ph/9412385",
     archivePrefix = "arXiv",
     doi       = "10.1016/0370-2693(95)00297-X",
     SLACcitation  = "%%CITATION = HEP-PH/9412385;%%"
}
@Article{Nir:1995bu,
     author    = "Nir, Yosef",
     title     = "{Gauge unification, Yukawa hierarchy and the mu problem}",
     journal   = "Phys. Lett.",
     volume    = "B354",
     year      = "1995",
     pages     = "107-110",
     eprint    = "hep-ph/9504312",
     archivePrefix = "arXiv",
     doi       = "10.1016/0370-2693(95)00619-V",
     SLACcitation  = "%%CITATION = HEP-PH/9504312;%%"
}
@Article{Mira:1999fx,
     author    = "Mira, Jesus M. and Nardi, Enrico and Restrepo, Diego A.",
     title     = "{A SU(3)C x SU(2)L x U(1)Y x U(1)H gauge model of flavor}",
     journal   = "Phys. Rev.",
     volume    = "D62",
     year      = "2000",
     pages     = "016002",
     eprint    = "hep-ph/9911212",
     archivePrefix = "arXiv",
     doi       = "10.1103/PhysRevD.62.016002",
     SLACcitation  = "%%CITATION = HEP-PH/9911212;%%"
}
@Article{Arvanitaki:2008hq,
     author    = "Arvanitaki, Asimina and others",
     title     = "{Astrophysical Probes of Unification}",
     journal   = "Phys. Rev.",
     volume    = "D79",
     year      = "2009",
     pages     = "105022",
     eprint    = "0812.2075",
     archivePrefix = "arXiv",
     primaryClass  =  "hep-ph",
     doi       = "10.1103/PhysRevD.79.105022",
     SLACcitation  = "%%CITATION = 0812.2075;%%"
}
@Article{Nardi:1996iy,
     author    = "Nardi, Enrico",
     title     = "{Renormalization group induced neutrino masses in
                  supersymmetry without  R-parity}",
     journal   = "Phys. Rev.",
     volume    = "D55",
     year      = "1997",
     pages     = "5772-5779",
     eprint    = "hep-ph/9610540",
     archivePrefix = "arXiv",
     doi       = "10.1103/PhysRevD.55.5772",
     SLACcitation  = "%%CITATION = HEP-PH/9610540;%%"
}
@Article{Allanach:1999mh,
     author    = "Allanach, B. C. and Dedes, A. and Dreiner, Herbert K.",
     title     = "{Two loop supersymmetric renormalization group equations
                  including R-parity violation and aspects of unification}",
     journal   = "Phys. Rev.",
     volume    = "D60",
     year      = "1999",
     pages     = "056002",
     eprint    = "hep-ph/9902251",
     archivePrefix = "arXiv",
     doi       = "10.1103/PhysRevD.60.056002",
     SLACcitation  = "%%CITATION = HEP-PH/9902251;%%"
}
@Article{Allanach:2003eb,
     author    = "Allanach, B. C. and Dedes, A. and Dreiner, H. K.",
     title     = "{The R parity violating minimal supergravity model}",
     journal   = "Phys. Rev.",
     volume    = "D69",
     year      = "2004",
     pages     = "115002",
     eprint    = "hep-ph/0309196",
     archivePrefix = "arXiv",
     doi       = "10.1103/PhysRevD.69.115002",
     SLACcitation  = "%%CITATION = HEP-PH/0309196;%%"
}
@Article{Allanach:2007qc,
     author    = "Allanach, B. C. and Kom, C. H.",
     title     = "{Lepton number violating mSUGRA and neutrino masses}",
     journal   = "JHEP",
     volume    = "04",
     year      = "2008",
     pages     = "081",
     eprint    = "0712.0852",
     archivePrefix = "arXiv",
     primaryClass  =  "hep-ph",
     doi       = "10.1088/1126-6708/2008/04/081",
     SLACcitation  = "%%CITATION = 0712.0852;%%"
}
@Article{ArkaniHamed:2004fb,
     author    = "Arkani-Hamed, Nima and Dimopoulos, Savas",
     title     = "{Supersymmetric unification without low energy
                  supersymmetry and  signatures for fine-tuning at the LHC}",
     journal   = "JHEP",
     volume    = "06",
     year      = "2005",
     pages     = "073",
     eprint    = "hep-th/0405159",
     archivePrefix = "arXiv",
     SLACcitation  = "%%CITATION = HEP-TH/0405159;%%"
}
@Article{Giudice:2004tc,
     author    = "Giudice, G. F. and Romanino, A.",
     title     = "{Split supersymmetry}",
     journal   = "Nucl. Phys.",
     volume    = "B699",
     year      = "2004",
     pages     = "65-89",
     eprint    = "hep-ph/0406088",
     archivePrefix = "arXiv",
     doi       = "10.1016/j.nuclphysb.2004.11.048",
     SLACcitation  = "%%CITATION = HEP-PH/0406088;%%"
}
@Article{ArkaniHamed:2004yi,
     author    = "Arkani-Hamed, N. and Dimopoulos, S. and Giudice, G. F. and
                  Romanino, A.",
     title     = "{Aspects of split supersymmetry}",
     journal   = "Nucl. Phys.",
     volume    = "B709",
     year      = "2005",
     pages     = "3-46",
     eprint    = "hep-ph/0409232",
     archivePrefix = "arXiv",
     doi       = "10.1016/j.nuclphysb.2004.12.026",
     SLACcitation  = "%%CITATION = HEP-PH/0409232;%%"
}
@Article{Bernal:2007uv,
     author    = "Bernal, Nicolas and Djouadi, Abdelhak and Slavich, Pietro",
     title     = "{The MSSM with heavy scalars}",
     journal   = "JHEP",
     volume    = "07",
     year      = "2007",
     pages     = "016",
     eprint    = "0705.1496",
     archivePrefix = "arXiv",
     primaryClass  =  "hep-ph",
     doi       = "10.1088/1126-6708/2007/07/016",
     SLACcitation  = "%%CITATION = 0705.1496;%%"
}
@Article{Djouadi:2002ze,
     author    = "Djouadi, Abdelhak and Kneur, Jean-Loic and Moultaka,
                  Gilbert",
     title     = "{SuSpect: A Fortran code for the supersymmetric and Higgs
                  particle spectrum in the MSSM}",
     journal   = "Comput. Phys. Commun.",
     volume    = "176",
     year      = "2007",
     pages     = "426-455",
     eprint    = "hep-ph/0211331",
     archivePrefix = "arXiv",
     doi       = "10.1016/j.cpc.2006.11.009",
     SLACcitation  = "%%CITATION = HEP-PH/0211331;%%"
}
@Article{Cirelli:2008id,
     author    = "Cirelli, Marco and Franceschini, Roberto and Strumia,
                  Alessandro",
     title     = "{Minimal Dark Matter predictions for galactic positrons,
                  anti-protons, photons}",
     journal   = "Nucl. Phys.",
     volume    = "B800",
     year      = "2008",
     pages     = "204-220",
     eprint    = "0802.3378",
     archivePrefix = "arXiv",
     primaryClass  =  "hep-ph",
     doi       = "10.1016/j.nuclphysb.2008.03.013",
     SLACcitation  = "%%CITATION = 0802.3378;%%"
}
@Article{Navarro:1995iw,
     author    = "Navarro, Julio F. and Frenk, Carlos S. and White, Simon D.
                  M.",
     title     = "{The Structure of Cold Dark Matter Halos}",
     journal   = "Astrophys. J.",
     volume    = "462",
     year      = "1996",
     pages     = "563-575",
     eprint    = "astro-ph/9508025",
     archivePrefix = "arXiv",
     doi       = "10.1086/177173",
     SLACcitation  = "%%CITATION = ASTRO-PH/9508025;%%"
}
@Article{Delahaye:2007fr,
     author    = "Delahaye, T. and Lineros, R. and Donato, F. and Fornengo,
                  N. and Salati, P.",
     title     = "{Positrons from dark matter annihilation in the galactic
                  halo: theoretical uncertainties}",
     journal   = "Phys. Rev.",
     volume    = "D77",
     year      = "2008",
     pages     = "063527",
     eprint    = "0712.2312",
     archivePrefix = "arXiv",
     primaryClass  =  "astro-ph",
     doi       = "10.1103/PhysRevD.77.063527",
     SLACcitation  = "%%CITATION = 0712.2312;%%"
}
@Article{Sjostrand:2006za,
     author    = "Sjostrand, Torbjorn and Mrenna, Stephen and Skands, Peter",
     title     = "{PYTHIA 6.4 Physics and Manual}",
     journal   = "JHEP",
     volume    = "05",
     year      = "2006",
     pages     = "026",
     eprint    = "hep-ph/0603175",
     archivePrefix = "arXiv",
     SLACcitation  = "%%CITATION = HEP-PH/0603175;%%"
}
@Article{Pierce:2004mk,
     author    = "Pierce, Aaron",
     title     = "{Dark Matter in the Finely Tuned Minimal Supersymmetric
                  Standard Model}",
     journal   = "Phys. Rev.",
     volume    = "D70",
     year      = "2004",
     pages     = "075006",
     eprint    = "hep-ph/0406144",
     archivePrefix = "arXiv",
     doi       = "10.1103/PhysRevD.70.075006",
     SLACcitation  = "%%CITATION = HEP-PH/0406144;%%"
}
@Article{Nardi:2008ix,
     author    = "Nardi, Enrico and Sannino, Francesco and Strumia,
                  Alessandro",
     title     = "{Decaying Dark Matter can explain the electron/positron
                  excesses}",
     journal   = "JCAP",
     volume    = "0901",
     year      = "2009",
     pages     = "043",
     eprint    = "0811.4153",
     archivePrefix = "arXiv",
     primaryClass  =  "hep-ph",
     doi       = "10.1088/1475-7516/2009/01/043",
     SLACcitation  = "%%CITATION = 0811.4153;%%"
}
@Article{Choi:1996se,
     author    = "Choi, Kiwoon and Chun, Eung Jin and Kim, Hyung Do",
     title     = "{Supersymmetry hierarchy problems and anomalous horizontal
                  U(1)  symmetry}",
     journal   = "Phys. Lett.",
     volume    = "B394",
     year      = "1997",
     pages     = "89-98",
     eprint    = "hep-ph/9611293",
     archivePrefix = "arXiv",
     doi       = "10.1016/S0370-2693(96)01674-7",
     SLACcitation  = "%%CITATION = HEP-PH/9611293;%%"
}
@Article{Sierra:2009zq,
     author    = "Aristizabal Sierra, Diego and Restrepo, Diego and Zapata,
                  Oscar",
     title     = "{Decaying neutralino dark matter in anomalous $U(1)_H$
                  models}",
     journal   = "Phys. Rev.",
     volume    = "D80",
     year      = "2009",
     pages     = "055010",
     eprint    = "0907.0682",
     archivePrefix = "arXiv",
     primaryClass  =  "hep-ph",
     doi       = "10.1103/PhysRevD.80.055010",
     SLACcitation  = "%%CITATION = 0907.0682;%%"
}
@Article{Barbier:2004ez,
     author    = "Barbier, R. and others",
     title     = "{R-parity violating supersymmetry}",
     journal   = "Phys. Rept.",
     volume    = "420",
     year      = "2005",
     pages     = "1-202",
     eprint    = "hep-ph/0406039",
     archivePrefix = "arXiv",
     doi       = "10.1016/j.physrep.2005.08.006",
     SLACcitation  = "%%CITATION = HEP-PH/0406039;%%"
}
@Article{Chen:2008tc,
     author    = "Chen, Mu-Chun and Jones, D. R. Timothy and Rajaraman,
                  Arvind and Yu, Hai-Bo",
     title     = "{Fermion Mass Hierarchy and Proton Stability from Non-
                  anomalous $U(1)_F$ in SUSY SU(5)}",
     journal   = "Phys. Rev.",
     volume    = "D78",
     year      = "2008",
     pages     = "015019",
     eprint    = "0801.0248",
     archivePrefix = "arXiv",
     primaryClass  =  "hep-ph",
     doi       = "10.1103/PhysRevD.78.015019",
     SLACcitation  = "%%CITATION = 0801.0248;%%"
}
@Article{Diaz:2003as,
     author    = "Diaz, M. A. and Hirsch, M. and Porod, W. and Romao, J. C.
                  and Valle, J. W. F.",
     title     = "{Solar neutrino masses and mixing from bilinear R-parity
                  broken  supersymmetry: Analytical versus numerical
                  results}",
     journal   = "Phys. Rev.",
     volume    = "D68",
     year      = "2003",
     pages     = "013009",
     eprint    = "hep-ph/0302021",
     archivePrefix = "arXiv",
     doi       = "10.1103/PhysRevD.68.013009",
     SLACcitation  = "%%CITATION = HEP-PH/0302021;%%"
}
@Article{Chowdhury:2009jd,
     author    = "Chowdhury, Debtosh and Jog, Chanda J. and Vempati, Sudhir K
                  ",
     title     = "{Results from PAMELA, ATIC and FERMI : Pulsars or Dark
                  Matter ?}",
     year      = "2009",
     eprint    = "0909.1182",
     archivePrefix = "arXiv",
     primaryClass  =  "astro-ph.HE",
     SLACcitation  = "%%CITATION = 0909.1182;%%"
}
@misc{ams:2009,
     Author={CMS-02},
     Howpublished={\url{http://ams.cern.ch/}},
     Title="{The Alpha Magnetic Specrometer Experiment}",
     SLACcitation  = "%%CITATION = NONE;%%"  
}@Article{Choi:2009qc,
     author    = "Choi, Ki-Young and Yaguna, Carlos E.",
     title     = "{Implications of an astrophysical interpretation of PAMELA
                  and Fermi-LAT data for future searches of a positron signal
                  from dark matter annihilations}",
     year      = "2009",
     eprint    = "0906.0736",
     archivePrefix = "arXiv",
     primaryClass  =  "hep-ph",
     SLACcitation  = "%%CITATION = 0906.0736;%%"
}
@Article{Duque:2008ah,
     author    = "Duque, Luis F. and Gutierrez, Diego A. and Nardi, Enrico
                  and Norena, Jorge",
     title     = "{Fermion mass hierarchy and non-hierarchical mass ratios in
                  $SU(5) \times U(1)_F$}",
     journal   = "Phys. Rev.",
     volume    = "D78",
     year      = "2008",
     pages     = "035003",
     eprint    = "0804.2865",
     archivePrefix = "arXiv",
     primaryClass  =  "hep-ph",
     doi       = "10.1103/PhysRevD.78.035003",
     SLACcitation  = "%%CITATION = 0804.2865;%%"
}
@Article{Davidson:2008bu,
     author    = "Davidson, Sacha and Nardi, Enrico and Nir, Yosef",
     title     = "{Leptogenesis}",
     journal   = "Phys. Rept.",
     volume    = "466",
     year      = "2008",
     pages     = "105-177",
     eprint    = "0802.2962",
     archivePrefix = "arXiv",
     primaryClass  =  "hep-ph",
     doi       = "10.1016/j.physrep.2008.06.002",
     SLACcitation  = "%%CITATION = 0802.2962;%%"
}
@Article{Aristizabal:2003zn,
     author    = "Aristizabal Sierra, D. and Nardi, Enrico",
     title     = "{b-tau Yukawa non-unification in supersymmetric SU(5) with
                  an Abelian  flavor symmetry}",
     journal   = "Phys. Lett.",
     volume    = "B578",
     year      = "2004",
     pages     = "176-180",
     eprint    = "hep-ph/0306206",
     archivePrefix = "arXiv",
     doi       = "10.1016/j.physletb.2003.10.100",
     SLACcitation  = "%%CITATION = HEP-PH/0306206;%%"
}
@Article{deCampos:2008ic,
     author    = "de Campos, F. and Eboli, O. J. P. and Magro, M. B. and
                  Restrepo, D. and Valle, J. W. F.",
     title     = "{Finding the Higgs Boson through Supersymmetry}",
     journal   = "Phys. Rev.",
     volume    = "D80",
     year      = "2009",
     pages     = "015002",
     eprint    = "0809.1637",
     archivePrefix = "arXiv",
     primaryClass  =  "hep-ph",
     doi       = "10.1103/PhysRevD.80.015002",
     SLACcitation  = "%%CITATION = 0809.1637;%%"
}
@Article{deCampos:2008re,
     author    = "de Campos, F. and Eboli, O. J. P. and Magro, M. B. and
                  Restrepo, D.",
     title     = "{Searching supersymmetry at the LHCb with displaced
                  vertices}",
     journal   = "Phys. Rev.",
     volume    = "D79",
     year      = "2009",
     pages     = "055008",
     eprint    = "0809.0007",
     archivePrefix = "arXiv",
     primaryClass  =  "hep-ph",
     doi       = "10.1103/PhysRevD.79.055008",
     SLACcitation  = "%%CITATION = 0809.0007;%%"
}
@Article{delAguila:2008iz,
     author    = "del Aguila, F. and others",
     title     = "{Collider aspects of flavour physics at high $Q$}",
     journal   = "Eur. Phys. J.",
     volume    = "C57",
     year      = "2008",
     pages     = "183-308",
     eprint    = "0801.1800",
     archivePrefix = "arXiv",
     primaryClass  =  "hep-ph",
     doi       = "10.1140/epjc/s10052-008-0713-4",
     SLACcitation  = "%%CITATION = 0801.1800;%%"
}
@Article{deCampos:2007bn,
     author    = "de Campos, F. and others",
     title     = "{Probing bilinear R-parity violating supergravity at the
                  LHC}",
     journal   = "JHEP",
     volume    = "05",
     year      = "2008",
     pages     = "048",
     eprint    = "0712.2156",
     archivePrefix = "arXiv",
     primaryClass  =  "hep-ph",
     doi       = "10.1088/1126-6708/2008/05/048",
     SLACcitation  = "%%CITATION = 0712.2156;%%"
}
@Article{Porod:2003um,
     author    = "Porod, Werner",
     title     = "{SPheno, a program for calculating supersymmetric spectra,
                  SUSY particle decays and SUSY particle production at e+ e-
                  colliders}",
     journal   = "Comput. Phys. Commun.",
     volume    = "153",
     year      = "2003",
     pages     = "275-315",
     eprint    = "hep-ph/0301101",
     archivePrefix = "arXiv",
     doi       = "10.1016/S0010-4655(03)00222-4",
     SLACcitation  = "%%CITATION = HEP-PH/0301101;%%"
}
@Article{Sierra:2008wj,
     author    = "Aristizabal Sierra, D. and Kubo, Jisuke and Restrepo, D.
                  and Suematsu, Daijiro and Zapata, Oscar",
     title     = "{Radiative seesaw: Warm dark matter, collider and lepton
                  flavour violating signals}",
     journal   = "Phys. Rev.",
     volume    = "D79",
     year      = "2009",
     pages     = "013011",
     eprint    = "0808.3340",
     archivePrefix = "arXiv",
     primaryClass  =  "hep-ph",
     doi       = "10.1103/PhysRevD.79.013011",
     SLACcitation  = "%%CITATION = 0808.3340;%%"
}
@Article{Choi:2010xn,
     author    = "Choi, Ki-Young and Yaguna, Carlos E.",
     title     = "{New decay modes of gravitino dark matter}",
     year      = "2010",
     eprint    = "1003.3401",
     archivePrefix = "arXiv",
     primaryClass  =  "hep-ph",
     SLACcitation  = "%%CITATION = 1003.3401;%%"
}
@Article{Belanger:2006is,
     author    = "Belanger, G. and Boudjema, F. and Pukhov, A. and Semenov,
                  A.",
     title     = "{micrOMEGAs2.0: A program to calculate the relic density of
                  dark matter  in a generic model}",
     journal   = "Comput. Phys. Commun.",
     volume    = "176",
     year      = "2007",
     pages     = "367-382",
     eprint    = "hep-ph/0607059",
     archivePrefix = "arXiv",
     doi       = "10.1016/j.cpc.2006.11.008",
     SLACcitation  = "%%CITATION = HEP-PH/0607059;%%"
}
@Article{Benavides:2009cn,
     author    = "Benavides, Richard H. and Giraldo, Yithsbey and Ponce,
                  William A.",
     title     = "{FCNC in the 3-3-1 model with right-handed neutrinos}",
     journal   = "Phys. Rev.",
     volume    = "D80",
     year      = "2009",
     pages     = "113009",
     eprint    = "0911.3568",
     archivePrefix = "arXiv",
     primaryClass  =  "hep-ph",
     doi       = "10.1103/PhysRevD.80.113009",
     SLACcitation  = "%%CITATION = 0911.3568;%%"
}
@Article{Herrera:2008yf,
     author    = "Herrera, Johana A. and Benavides, Richard H. and Ponce,
                  William A.",
     title     = "{Flavor changing neutral currents with a fourth family of
                  quarks}",
     journal   = "Phys. Rev.",
     volume    = "D78",
     year      = "2008",
     pages     = "073008",
     eprint    = "0810.3871",
     archivePrefix = "arXiv",
     primaryClass  =  "hep-ph",
     doi       = "10.1103/PhysRevD.78.073008",
     SLACcitation  = "%%CITATION = 0810.3871;%%"
}
@Article{Hirsch:2003fe,
     author    = "Hirsch, M. and Porod, W.",
     title     = "{Neutrino properties and the decay of the lightest
                  supersymmetric  particle}",
     journal   = "Phys. Rev.",
     volume    = "D68",
     year      = "2003",
     pages     = "115007",
     eprint    = "hep-ph/0307364",
     archivePrefix = "arXiv",
     doi       = "10.1103/PhysRevD.68.115007",
     SLACcitation  = "%%CITATION = HEP-PH/0307364;%%"
}
@Article{Porod:2000hv,
     author    = "Porod, W. and Hirsch, M. and Romao, J. and Valle, J. W. F.
                  ",
     title     = "{Testing neutrino mixing at future collider experiments}",
     journal   = "Phys. Rev.",
     volume    = "D63",
     year      = "2001",
     pages     = "115004",
     eprint    = "hep-ph/0011248",
     archivePrefix = "arXiv",
     doi       = "10.1103/PhysRevD.63.115004",
     SLACcitation  = "%%CITATION = HEP-PH/0011248;%%"
}
@Article{Hirsch:2000ef,
     author    = "Hirsch, M. and Diaz, M. A. and Porod, W. and Romao, J. C.
                  and Valle, J. W. F.",
     title     = "{Neutrino masses and mixings from supersymmetry with
                  bilinear R-parity  violation: A theory for solar and
                  atmospheric neutrino oscillations}",
     journal   = "Phys. Rev.",
     volume    = "D62",
     year      = "2000",
     pages     = "113008",
     eprint    = "hep-ph/0004115",
     archivePrefix = "arXiv",
     doi       = "10.1103/PhysRevD.62.113008",
     SLACcitation  = "%%CITATION = HEP-PH/0004115;%%"
}
@Article{Hirsch:2005ag,
     author    = "Hirsch, M. and Porod, W. and Restrepo, D.",
     title     = "{Collider signals of gravitino dark matter in bilinearly
                  broken  R-parity}",
     journal   = "JHEP",
     volume    = "03",
     year      = "2005",
     pages     = "062",
     eprint    = "hep-ph/0503059",
     archivePrefix = "arXiv",
     doi       = "10.1088/1126-6708/2005/03/062",
     SLACcitation  = "%%CITATION = HEP-PH/0503059;%%"
}
@Article{Giraldo:2009yi,
     author    = "Giraldo, Yithsbey and Ponce, William A. and Sanchez, Luis
                  A.",
     title     = "{Stability of the Scalar Potential and Symmetry Breaking in
                  the Economical 3-3-1 Model}",
     journal   = "Eur. Phys. J.",
     volume    = "C63",
     year      = "2009",
     pages     = "461-475",
     eprint    = "0907.1696",
     archivePrefix = "arXiv",
     primaryClass  =  "hep-ph",
     doi       = "10.1140/epjc/s10052-009-1101-4",
     SLACcitation  = "%%CITATION = 0907.1696;%%"
}
@Article{AristizabalSierra:2008ye,
     author    = "Aristizabal Sierra, D. and Porod, W. and Restrepo, D. and
                  Yaguna, Carlos E.",
     title     = "{Novel Higgs decay signals in R-parity violating models}",
     journal   = "Phys. Rev.",
     volume    = "D78",
     year      = "2008",
     pages     = "015015",
     eprint    = "0804.1907",
     archivePrefix = "arXiv",
     primaryClass  =  "hep-ph",
     doi       = "10.1103/PhysRevD.78.015015",
     SLACcitation  = "%%CITATION = 0804.1907;%%"
}
}
@Book{Aitchison:2007fn,
  author = 	 {Aitchison, I. J. R.},
  title = 	 {Supersymmetry in particle physics: An elementary
                  introduction},
  publisher = 	 {Cambridge, University Press},
  year = 	 2007,
  eprint    = "hep-ph/0505105",
}

@Article{Akhmedov:1999uz,
     author    = "Akhmedov, Evgeny Khakimovich",
     title     = "{Neutrino physics}",
     year      = "1999",
     eprint    = "hep-ph/0001264",
     archivePrefix = "arXiv",
     SLACcitation  = "%%CITATION = HEP-PH/0001264;%%"
}
@Article{Mohanta:2006xd,
     author    = "Mohanta, R. and Kranti, G. and Giri, A. K.",
     title     = "{Neutrino mass matrix in the standard parametrization with
                  texture two  zeros}",
     year      = "2006",
     eprint    = "hep-ph/0608292",
     archivePrefix = "arXiv",
     SLACcitation  = "%%CITATION = HEP-PH/0608292;%%"
}
@Article{Schwetz:2008er,
     author    = "Schwetz, Thomas and Tortola, M. A. and Valle, Jose W. F.",
     title     = "{Three-flavour neutrino oscillation update}",
     journal   = "New J. Phys.",
     volume    = "10",
     year      = "2008",
     pages     = "113011",
     eprint    = "0808.2016",
     archivePrefix = "arXiv",
     primaryClass  =  "hep-ph",
     doi       = "10.1088/1367-2630/10/11/113011",
     SLACcitation  = "%%CITATION = 0808.2016;%%"
}
@Article{Hirsch:2002uv,
     author    = "Hirsch, Martin and Nardi, Enrico and Restrepo, Diego",
     title     = "{Bounds on the tau and muon neutrino vector and axial
                  vector charge radius}",
     journal   = "Phys. Rev.",
     volume    = "D67",
     year      = "2003",
     pages     = "033005",
     eprint    = "hep-ph/0210137",
     archivePrefix = "arXiv",
     doi       = "10.1103/PhysRevD.67.033005",
     SLACcitation  = "%%CITATION = HEP-PH/0210137;%%"
}
@Article{Epele:1994jz,
     author    = "Epele, L. and Fanchiotti, H. and Garcia Canal, C. and Gomez
                  Dumm, D.",
     title     = "{FCNI suppression and CP violation in a two Higgs doublet
                  model}",
     journal   = "J. Phys.",
     volume    = "G20",
     year      = "1994",
     pages     = "1159-1168",
     doi       = "10.1088/0954-3899/20/8/007",
     SLACcitation  = "%%CITATION = JPHGB,G20,1159;%%"
}
@Article{Diaz:1998zg,
     author    = "Diaz, Marco A. and Garcia-Jareno, M. A. and Restrepo, Diego
                  A. and Valle, J. W. F.",
     title     = "{Seesaw Majoron Model of Neutrino Mass and Novel Signals in
                  Higgs Boson Production at LEP}",
     journal   = "Nucl. Phys.",
     volume    = "B527",
     year      = "1998",
     pages     = "44-60",
     eprint    = "hep-ph/9803362",
     archivePrefix = "arXiv",
     doi       = "10.1016/S0550-3213(98)00434-9",
     SLACcitation  = "%%CITATION = HEP-PH/9803362;%%"
}
@Article{Diaz:1997xv,
     author    = "Diaz, M. A. and Garcia-Jareno, M. A. and Restrepo, D. A.
                  and Valle, J. W. F.",
     title     = "{Neutrino mass and missing momentum Higgs boson signals}",
     journal   = "Phys. Rev.",
     volume    = "D58",
     year      = "1998",
     pages     = "057702",
     eprint    = "hep-ph/9712487",
     archivePrefix = "arXiv",
     doi       = "10.1103/PhysRevD.58.057702",
     SLACcitation  = "%%CITATION = HEP-PH/9712487;%%"
}
@Article{Diaz:2009gf,
     author    = "Diaz, Marco Aurelio and Garay, Francisca and Koch, Benjamin
                  ",
     title     = "{Explaining Solar Neutrinos with Heavy Higgs Masses in
                  Partial Split Supersymmetry}",
     journal   = "Phys. Rev.",
     volume    = "D80",
     year      = "2009",
     pages     = "113005",
     eprint    = "0910.2987",
     archivePrefix = "arXiv",
     primaryClass  =  "hep-ph",
     doi       = "10.1103/PhysRevD.80.113005",
     SLACcitation  = "%%CITATION = 0910.2987;%%"
}
@Article{Diaz:2009zh,
     author    = "Diaz, Marco Aurelio and Panes, Boris and Urrejola, Pedro",
     title     = "{Radiative Neutralino Decay in Split Supersymmetry}",
     journal   = "Eur. Phys. J.",
     volume    = "C67",
     year      = "2010",
     pages     = "181-190",
     eprint    = "0910.1554",
     archivePrefix = "arXiv",
     primaryClass  =  "hep-ph",
     doi       = "10.1140/epjc/s10052-010-1267-9",
     SLACcitation  = "%%CITATION = 0910.1554;%%"
}
@Article{Diaz:2009yz,
     author    = "Diaz, Marco Aurelio and Koch, Benjamin and Panes, Boris",
     title     = "{Gravity Effects on Neutrino Masses in Split
                  Supersymmetry}",
     journal   = "Phys. Rev.",
     volume    = "D79",
     year      = "2009",
     pages     = "113009",
     eprint    = "0902.1720",
     archivePrefix = "arXiv",
     primaryClass  =  "hep-ph",
     doi       = "10.1103/PhysRevD.79.113009",
     SLACcitation  = "%%CITATION = 0902.1720;%%"
}
@Article{Diaz:2006ee,
     author    = "Diaz, Marco Aurelio and Fileviez Perez, Pavel and Mora,
                  Clemencia",
     title     = "{Neutrino Masses in Split Supersymmetry}",
     journal   = "Phys. Rev.",
     volume    = "D79",
     year      = "2009",
     pages     = "013005",
     eprint    = "hep-ph/0605285",
     archivePrefix = "arXiv",
     doi       = "10.1103/PhysRevD.79.013005",
     SLACcitation  = "%%CITATION = HEP-PH/0605285;%%"
}
@Article{DeCampos:2010yu,
     author    = "De Campos, F. and others",
     title     = "{Probing Neutrino Oscillations in Supersymmetric Models at
                  the Large Hadron Collider}",
     year      = "2010",
     eprint    = "1006.5075",
     archivePrefix = "arXiv",
     primaryClass  =  "hep-ph",
     SLACcitation  = "%%CITATION = 1006.5075;%%"
}
@Article{Romao:1999up,
     author    = "Romao, J. C. and Diaz, M. A. and Hirsch, M. and Porod, W.
                  and Valle, J. W. F",
     title     = "{A supersymmetric solution to the solar and atmospheric
                  neutrino  problems}",
     journal   = "Phys. Rev.",
     volume    = "D61",
     year      = "2000",
     pages     = "071703",
     eprint    = "hep-ph/9907499",
     archivePrefix = "arXiv",
     doi       = "10.1103/PhysRevD.61.071703",
     SLACcitation  = "%%CITATION = HEP-PH/9907499;%%"
}
@Article{Diaz:1999ge,
     author    = "Diaz, Marco A. and Restrepo, Diego A. and Valle, J. W. F.",
     title     = "{Two-body decays of the lightest stop in supergravity with
                  and without R-parity}",
     journal   = "Nucl. Phys.",
     volume    = "B583",
     year      = "2000",
     pages     = "182-210",
     eprint    = "hep-ph/9908286",
     archivePrefix = "arXiv",
     doi       = "10.1016/S0550-3213(00)00344-8",
     SLACcitation  = "%%CITATION = HEP-PH/9908286;%%"
}
@Article{Choi:2010jt,
     author    = "Choi, Ki-Young and Restrepo, Diego and Yaguna, Carlos E.
                  and Zapata, Oscar",
     title     = "{Indirect detection of gravitino dark matter including its
                  three-body decays}",
     journal   = "JCAP",
     volume    = "1010",
     year      = "2010",
     pages     = "033",
     eprint    = "1007.1728",
     archivePrefix = "arXiv",
     primaryClass  =  "hep-ph",
     doi       = "10.1088/1475-7516/2010/10/033",
     SLACcitation  = "%%CITATION = 1007.1728;%%"
}
@Article{Nath:2010zj,
     author    = "Nath, Pran and others",
     title     = "{The Hunt for New Physics at the Large Hadron Collider}",
     journal   = "Nucl. Phys. Proc. Suppl.",
     volume    = "200-202",
     year      = "2010",
     pages     = "185-417",
     eprint    = "1001.2693",
     archivePrefix = "arXiv",
     primaryClass  =  "hep-ph",
     doi       = "10.1016/j.nuclphysbps.2010.03.001",
     SLACcitation  = "%%CITATION = 1001.2693;%%"
}
@Article{AristizabalSierra:2006ri,
     author    = "Aristizabal Sierra, D. and Restrepo, Diego",
     title     = "{Leptonic charged Higgs decays in the Zee model}",
     journal   = "JHEP",
     volume    = "08",
     year      = "2006",
     pages     = "036",
     eprint    = "hep-ph/0604012",
     archivePrefix = "arXiv",
     doi       = "10.1088/1126-6708/2006/08/036",
     SLACcitation  = "%%CITATION = HEP-PH/0604012;%%"
}@Article{Kaplan:2007ap,
     author    = "Kaplan, David E. and Rehermann, Keith",
     title     = "{Proposal for Higgs and Superpartner Searches at the LHCb
                  Experiment}",
     journal   = "JHEP",
     volume    = "10",
     year      = "2007",
     pages     = "056",
     eprint    = "0705.3426",
     archivePrefix = "arXiv",
     primaryClass  =  "hep-ph",
     doi       = "10.1088/1126-6708/2007/10/056",
     SLACcitation  = "%%CITATION = 0705.3426;%%"
}
@Article{Aprile:2011ts,
     author    = "Aprile, E. and others",
 collaboration = "XENON100",
     title     = "{Implications on Inelastic Dark Matter from 100 Live Days
                  of XENON100 Data}",
     year      = "2011",
     eprint    = "1104.3121",
     archivePrefix = "arXiv",
     primaryClass  =  "astro-ph.CO",
     SLACcitation  = "%%CITATION = 1104.3121;%%"
}
@Article{Magro:2003zb,
     author    = "Magro, M. B. and others",
     title     = "{Probing neutrino mass with multilepton production at the
                  Tevatron in the simplest R-parity violation model}",
     journal   = "JHEP",
     volume    = "09",
     year      = "2003",
     pages     = "071",
     eprint    = "hep-ph/0304232",
     archivePrefix = "arXiv",
     SLACcitation  = "%%CITATION = HEP-PH/0304232;%%"
}
@Article{Garny:2010eg,
     author    = "Garny, Mathias and Ibarra, Alejandro and Tran, David and
                  Weniger, Christoph",
     title     = "{Gamma-Ray Lines from Radiative Dark Matter Decay}",
     journal   = "JCAP",
     volume    = "1101",
     year      = "2011",
     pages     = "032",
     eprint    = "1011.3786",
     archivePrefix = "arXiv",
     primaryClass  =  "hep-ph",
     doi       = "10.1088/1475-7516/2011/01/032",
     SLACcitation  = "%%CITATION = 1011.3786;%%"
}
@Article{Allanach:2008qq,
     author    = "Allanach, B. C. and others",
     title     = "{SUSY Les Houches Accord 2}",
     journal   = "Comp. Phys. Commun.",
     volume    = "180",
     year      = "2009",
     pages     = "8-25",
     eprint    = "0801.0045",
     archivePrefix = "arXiv",
     primaryClass  =  "hep-ph",
     doi       = "10.1016/j.cpc.2008.08.004",
     SLACcitation  = "%%CITATION = 0801.0045;%%"
}
@Article{Brigliadori:2008vf,
     author    = "Aaltonen, T. and others",
 collaboration = "CDF",
     title     = "{Search for Pair Production of Scalar Top Quarks Decaying
                  to a tau Lepton and a b Quark in ppbar Collisions at
                  sqrt{s}=1.96 TeV}",
     journal   = "Phys. Rev. Lett.",
     volume    = "101",
     year      = "2008",
     pages     = "071802",
     eprint    = "0802.3887",
     archivePrefix = "arXiv",
     primaryClass  =  "hep-ex",
     doi       = "10.1103/PhysRevLett.101.071802",
     SLACcitation  = "%%CITATION = 0802.3887;%%"
}
@article{deCampos:2005ri,
      author         = "de Campos, F. and Eboli, O.J.P. and Magro, M.B. and
                        Porod, W. and Restrepo, D. and others",
      title          = "{Probing neutrino mass with displaced vertices at the
                        Tevatron}",
      journal        = "Phys.Rev.",
      volume         = "D71",
      pages          = "075001",
      doi            = "10.1103/PhysRevD.71.075001",
      year           = "2005",
      eprint         = "hep-ph/0501153",
      archivePrefix  = "arXiv",
      primaryClass   = "hep-ph",
}